%%%%%%%%%% SVN Info %%%%%%%%%%%%%%%%%%%%%%%%%%%%%%%%%%%%%%%%
%% $Date: 2020-02-05 16:17:49 +0100 (Mi, 05 Feb 2020) $
%% $Author: cmueller $
%% $Rev: 5 $
%%%%%%%%%%%%%%%%%%%%%%%%%%%%%%%%%%%%%%%%%%%%%%%%%%%%%%%%%%%%
\svnInfo $Id: bibliography.bib 5 2020-02-05 15:17:49Z cmueller $ 

@article{xu:jamming:2006,
  author = {Wenyuan Xu and Ke Ma and Wade Trappe and Yanyong Zhang},
  title  = {{Jamming Sensor Networks: Attack and Defense Strategies}},
  year   = {2006},
  journal= {IEEE Network},
  volume = {20},
  number = {3},
  pages  = {41--47},
  publisher={IEEE}
}

@inproceedings{oflynn:message:2011,
  title  = {Message denial and alteration on IEEE 802.15. 4 low-power radio networks},
  author = {O'Flynn, Colin P},
  booktitle = {2011 4th IFIP International Conference on New Technologies, Mobility and Security (NTMS)},
  pages  = {1--5},
  year   = {2011},
  organization = {IEEE}
}

@inproceedings{goodspeed:api-do:2012,
  title  = {Api-do: Tools for exploring the wireless attack surface in smart meters},
  author = {Goodspeed, Travis and Bratus, Sergey and Melgares, Ricky and Speers, Ryan and Smith, Sean W},
  booktitle = {2012 45th Hawaii International Conference on System Science (HICSS)},
  pages  = {2133--2140},
  year   = {2012},
  organization = {IEEE}
}

@inbook{cvrcek:security:2009,
  author = {Cvr{\v{c}}ek, Dan},
  editor = {Maty{\'a}{\v{s}}, Vashek and Fischer-H{\"u}bner, Simone and Cvr{\v{c}}ek, Daniel and {\v{S}}venda, Petr},
  title  = {Security of Wireless Communication},
  booktitle = {The Future of Identity in the Information Society: 4th IFIP WG 9.2, 9.6/11.6, 11.7/FIDIS International Summer School, Brno, Czech Republic, September 1-7, 2008, Revised Selected Papers},
  year   = {2009},
  publisher = {Springer Berlin Heidelberg},
  address= {Berlin, Heidelberg},
  pages  = {119--134},
  isbn   = {978-3-642-03315-5},
  doi    = {10.1007/978-3-642-03315-5_9},
  url    = {http://dx.doi.org/10.1007/978-3-642-03315-5_9}
}

@ARTICLE{ieee-802-15-4,
  journal= {{IEEE Std 802.15.4-2011 (Revision of IEEE Std 802.15.4-2006)}},
  title  = {IEEE Standard for Local and metropolitan area networks---Part 15.4: Low-Rate Wireless Personal Area Networks (LR-WPANs)},
  author = {IEEE},
  year   = {2011},
  pages  = {1--314},
  keywords = {Zigbee;data communication;protocols;telecommunication standards;IEEE Std 802.15.4-2006;IEEE standard;LR-WPAN;RF transmission;data communication device;local area networks;low data rate transmission;low-power low-complexity short-range radiofrequency transmission;low-rate wireless personal area networks;metropolitan area networks;protocol;Ad hoc networks;IEEE standards;Local area networks;Low power electronics;Metropolitan area networks;Mobile communication;Personal area networks;Wireless LAN networks;IEEE 802.15.4;LR-WPAN;PAN;RF;WPAN;ad hoc network;low data rate;low power;mobility;personal area network;radio frequency;short range;wireless;wireless personal area network},
  doi    = {10.1109/IEEESTD.2011.6012487},
  month  = 9
}

@inproceedings{sig-manip-2011,
  author = {P{\"{o}}pper, Christina and Tippenhauer, Nils Ole and Danev, Boris and Capkun, Srdjan},
  title  = {Investigation of Signal and Message Manipulations on the Wireless Channel},
  booktitle = {Proceedings of the 16th European Conference on Research in Computer Security},
  series = {ESORICS'11},
  year   = {2011},
  isbn   = {978-3-642-23821-5},
  location = {Leuven, Belgium},
  pages  = {40--59},
  numpages = {20},
  url    = {http://dl.acm.org/citation.cfm?id=2041225.2041229},
  acmid  = {2041229},
  publisher = {Springer-Verlag Berlin Heidelberg},
  keywords={adversarial interference, signal manipulation, wireless security}
}

@inproceedings{re-jam-real-2011,
  author = {Matthias Wilhelm and Ivan Martinovic and Jens Schmitt and Vincent Lenders},
  title  = {{Reactive Jamming in Wireless Networks: How Realistic is the Threat?}},
  booktitle = {Proceedings of the Fourth ACM Conference on Wireless Network Security (WiSec '11)},
  year   = {2011},
  pages  = {47--52},
  organization = {},
  publisher = {{ACM, New York, NY, USA}},
  location = {Hamburg, Germany},
  city   = {Hamburg, Germany},
  month  = jun,
  url    = {http://dl.acm.org/authorize?431905}
}

@inproceedings{feas-lnd-jam-2005,
  author = {Xu, Wenyuan and Trappe, Wade and Zhang, Yanyong and Wood, Timothy},
  title  = {The Feasibility of Launching and Detecting Jamming Attacks in Wireless Networks},
  booktitle = {Proceedings of the 6th ACM International Symposium on Mobile Ad Hoc Networking and Computing},
  series = {MobiHoc '05},
  year   = {2005},
  isbn   = {1-59593-004-3},
  location = {Urbana-Champaign, IL, USA},
  pages  = {46--57},
  numpages = {12},
  url    = {http://doi.acm.org/10.1145/1062689.1062697},
  doi    = {10.1145/1062689.1062697},
  acmid  = {1062697},
  publisher = {{ACM, New York, NY, USA}},
  keywords = {denial of service, jammer detection, jamming}
}

@Inbook{Eberz2012,
  author = {Eberz, Simon and Strohmeier, Martin and Wilhelm, Matthias and Martinovic, Ivan},
  editor = {Foresti, Sara and Yung, Moti and Martinelli, Fabio},
  title  = {{A Practical Man-In-The-Middle Attack on Signal-Based Key Generation Protocols}},
  bookTitle = {Computer Security -- ESORICS 2012: 17th European Symposium on Research in Computer Security, Pisa, Italy, September 10-12, 2012. Proceedings},
  year   = {2012},
  publisher = {Springer Berlin Heidelberg},
  address= {Berlin, Heidelberg},
  pages  = {235--252},
  isbn   = {978-3-642-33167-1},
  doi    = {10.1007/978-3-642-33167-1_14},
  url    = {http://dx.doi.org/10.1007/978-3-642-33167-1_14}
}

@INPROCEEDINGS{Zenger-relay-2016,
  author = {Christian T. Zenger and Mario Pietersz and Christof Paar},
  booktitle = {2016 IEEE International Conference on Communications Workshops (ICC)},
  title  = {Preventing relay attacks and providing perfect forward secrecy using PHYSEC on 8-bit $\mu$C},
  year   = {2016},
  pages  = {110--115},
  keywords = {Zigbee;public key cryptography;relay networks (telecommunication);system-on-chip;telecommunication security;CRKG system;CRRD system;IEEE 802.15.4 communication;PHYSEC primitives;SoC;channel reciprocity-based key generation;channel reciprocity-based relay detection;clock cycle number;code size;elliptic curve cryptography-based key establishment scheme;perfect forward secrecy;physical layer security;power consumption;relay attack prevention;resource-constrained devices;security critical RKE use;security critical remote keyless entry use;word length 8 bit;Communication system security;Entropy;Internet of things;Protocols;Relays;Security;Wireless communication},
  doi    = {10.1109/ICCW.2016.7503773},
  month  = May
}

@article{Strasser-reactjam-2010,
  author = {Strasser, Mario and Danev, Boris and {\v{C}}apkun, Srdjan},
  title  = {Detection of Reactive Jamming in Sensor Networks},
  journal= {ACM Trans. Sen. Netw.},
  issue_date = {August 2010},
  volume = {7},
  number = {2},
  month  = sep,
  year   = {2010},
  issn   = {1550-4859},
  pages  = {16:1--16:29},
  articleno = {16},
  numpages = {29},
  url    = {http://doi.acm.org/10.1145/1824766.1824772},
  doi    = {10.1145/1824766.1824772},
  acmid  = {1824772},
  publisher = {ACM},
  address= {New York, NY, USA},
  keywords = {Jamming detection, reactive jamming, sensor networks}
} 

