@thesis{AESVisualization,
  title = { Visualization of AES as a CrypTool 2 Plugin },
  author = { Matthias Becher },
  type = { B.Sc. Thesis },
  url = "https://www.cryptool.org/images/ctp/documents/BA_Becher.pdf",
  year = { 2016 },
  note = "(accessed October 18, 2020)"
}

@thesis{AvalancheVisualization,
  title = { Visualization of the Avalanche Effect in CT2 },
  author = { Camilo Echeverri },
  type = { B.Sc. Thesis },
  url = { https://www.cryptool.org/images/ctp/documents/BA_Echeverri.pdf },
  year = { 2016 },
  note = { (accessed October 18, 2020) }
}

@manual{rfc8439,
  title = { ChaCha20 and Poly1305 for IETF Protocols },
  author = { Y. Nir Dell EMC A. Langley, Google Inc. },
  url = { https://tools.ietf.org/html/rfc8439 },
  year = { 2018 },
  note = { (accessed October 18, 2020) }
}

@manual{salsaspec,
  title = { Salsa20 Specification },
  author = { Daniel J. Bernstein },
  url = { https://cr.yp.to/snuffle/spec.pd },
  note = "(accessed October 18, 2020)"
}

@manual{chachaspec,
  title = { ChaCha, a variant of Salsa20 },
  author = { Daniel J. Bernstein },
  url = { https://cr.yp.to/chacha/chacha-20080120.pdf },
  note = "(accessed October 18, 2020)"
}

@manual{salsasec,
  title = { Salsa20 security },
  author = { Daniel J. Bernstein },
  url = { https://cr.yp.to/snuffle/security.pdf },
  note = "(accessed October 18, 2020)"
}

@manual{salsa812,
  title = { Salsa20/8 and Salsa 20/12 },
  author = { Daniel J. Bernstein },
  url = { https://cr.yp.to/snuffle/812.pdf },
  note = "(accessed October 18, 2020)"
}

@manual{chachawiki,
  title	= { Wikipedia: ChaCha},
  url 	= { https://en.wikipedia.org/wiki/Salsa20#ChaCha_variant },
  note = "(accessed October 18, 2020)"
}

@manual{mvvm-wpf,
  title = { Patterns - WPF Apps With The Model-View-ViewModel Design Pattern },
  url = { https://docs.microsoft.com/en-us/archive/msdn-magazine/2009/february/patterns-wpf-apps-with-the-model-view-viewmodel-design-pattern },
  note = "(accessed October 18, 2020)"
}

@manual{estream,
  title = { eSTREAM: the ECRYPT Stream Cipher Project },
  url = { https://www.ecrypt.eu.org/stream },
  note = "(accessed October 18, 2020)"
}

@manual{rotationalcryptanalysis,
  title = { Wikipedia: Rotational Cryptanalysis },
  url = { https://en.wikipedia.org/wiki/Rotational_cryptanalysis },
  note = "(accessed October 18, 2020)"
}

@manual{xsalsa20spec,
  title = { Extending the Salsa20 nonce },
  url = { http://cr.yp.to/snuffle/xsalsa-20110204.pdf },
  note = "(accessed October 18, 2020)"
}

@manual{xchacha20,
  title = { XChaCha20 },
  url = { https://libsodium.gitbook.io/doc/advanced/stream_ciphers/xchacha20 },
  note = "(accessed October 18, 2020)"
}

@manual{aesthesis,
  title = { Visualization of AES as a CrypTool 2 Plugin },
  year = { 2016 },
  url = { https://www.cryptool.org/assets/img/ctp/documents/BA_Becher.pdf }
}
  